<record><leader>00000cas a22000007a 4500</leader><controlfield tag="001">61491211</controlfield><controlfield tag="008">050913c20059999txuwr ne      0   e0eng c</controlfield><controlfield tag="009">467</controlfield><datafield ind1=" " ind2=" " tag="010"><subfield code="a">  2005212897</subfield></datafield><datafield ind1=" " ind2=" " tag="040"><subfield code="a">NSD</subfield><subfield code="b">eng</subfield><subfield code="c">NSD</subfield><subfield code="d">NSD</subfield><subfield code="d">OCLCQ</subfield></datafield><datafield ind1=" " ind2=" " tag="012"><subfield code="l">1</subfield></datafield><datafield ind1="0" ind2=" " tag="022"><subfield code="a">1557-9557</subfield><subfield code="l">1557-9557</subfield><subfield code="2">1</subfield></datafield><datafield ind1="1" ind2=" " tag="029"><subfield code="a">AU@</subfield><subfield code="b">000028546053</subfield></datafield><datafield ind1=" " ind2=" " tag="037"><subfield code="b">Chinese Cultlure exchange, Inc., 5855 Soverign Dr., Ste. 108, Houston, TX 77036</subfield></datafield><datafield ind1="0" ind2=" " tag="041"><subfield code="a">chi</subfield><subfield code="a">eng</subfield></datafield><datafield ind1=" " ind2=" " tag="042"><subfield code="a">nsdp</subfield><subfield code="a">pcc</subfield></datafield><datafield ind1="1" ind2="0" tag="050"><subfield code="a">ISSN RECORD</subfield></datafield><datafield ind1="1" ind2="0" tag="082"><subfield code="a">071</subfield><subfield code="2">13</subfield></datafield><datafield ind1=" " ind2="0" tag="222"><subfield code="a">Hua Xia shi bao</subfield></datafield><datafield ind1="0" ind2="0" tag="245"><subfield code="a">Hua Xia shi bao =</subfield><subfield code="b">Chinese times.</subfield></datafield><datafield ind1="3" ind2="1" tag="246"><subfield code="a">Chinese times</subfield></datafield><datafield ind1=" " ind2=" " tag="260"><subfield code="a">Houston, TX :</subfield><subfield code="b">Chinese Times</subfield></datafield><datafield ind1=" " ind2=" " tag="300"><subfield code="a">v.</subfield></datafield><datafield ind1=" " ind2=" " tag="310"><subfield code="a">Weekly</subfield></datafield><datafield ind1="1" ind2=" " tag="362"><subfield code="a">Began in Feb. 2005.</subfield></datafield><datafield ind1=" " ind2=" " tag="546"><subfield code="a">Chiefly Chinese; some English.</subfield></datafield><datafield ind1=" " ind2=" " tag="588"><subfield code="a">Description based on: Di 20 qi (June25/July1, 2005).</subfield></datafield><datafield ind1=" " ind2=" " tag="752"><subfield code="a">United States</subfield><subfield code="b">Texas</subfield><subfield code="c">Harris</subfield><subfield code="d">Houston.</subfield></datafield></record>